@article{Ajayi_crossscale_2021,
  author  = {Ajayi, Adekunle and Le Sommer, Julien and Chassignet, Eric P. and Molines, Jean-Marc and Xu, Xiaobiao and Albert, Aurelie and Dewar, William},
  title   = {Diagnosing Cross-Scale Kinetic Energy Exchanges From Two Submesoscale Permitting Ocean Models},
  journal = {Journal of Advances in Modeling Earth Systems},
  volume  = {13},
  number  = {6},
  pages   = {e2019MS001923},
  doi     = {10.1029/2019MS001923},
  note    = {e2019MS001923 2019MS001923},
  year    = {2021}
}

@article{Bebieva_mixing_2016,
  author   = {Bebieva, Yana and Timmermans, Mary-Louise},
  title    = {{An examination of double-diffusive processes in a mesoscale eddy in the Arctic Ocean}},
  journal  = {Journal of Geophysical Research: Oceans},
  volume   = {121},
  number   = {1},
  pages    = {457-475},
  keywords = {Arctic Ocean, mesoscale eddy, double diffusion, mixing},
  doi      = {10.1002/2015JC011105},
  year     = {2016}
}

@article{blanke_TKE_1993,
  title       = {{Variability of the tropical Atlantic ocean simulated by a general circulation model with two different mixed-layer physics}},
  author      = {Blanke, Bruno and Del{\'e}cluse, Pascale},
  journal     = {{Journal of Physical Oceanography}},
  publisher   = {{American Meteorological Society}},
  volume      = {23},
  pages       = {1363--1388},
  year        = {1993},
  doi         = {10.1175/1520-0485(1993)023<1363:VOTTAO>2.0.CO;2},
  hal_id      = {hal-01143309},
  hal_version = {v1}
}

@article{Buckingham_submesoscale_2016,
  title     = {Seasonality of submesoscale flows in the ocean surface boundary layer},
  author    = {Buckingham, Christian E and Naveira Garabato, Alberto C and Thompson, Andrew F and Brannigan, Liam and Lazar, Ayah and Marshall, David P and George Nurser, AJ and Damerell, Gillian and Heywood, Karen J and Belcher, Stephen E},
  journal   = {Geophysical Research Letters},
  volume    = {43},
  number    = {5},
  pages     = {2118--2126},
  year      = {2016},
  doi       = {10.1002/2016GL068009},
  publisher = {Wiley Online Library}
}

@article{Callies_seasonality_2015,
  title     = {Seasonality in submesoscale turbulence},
  author    = {Callies, J{\"o}rn and Ferrari, Raffaele and Klymak, Jody M and Gula, Jonathan},
  journal   = {Nature communications},
  volume    = {6},
  number    = {1},
  pages     = {6862},
  year      = {2015},
  doi       = {10.1038/ncomms7862},
  publisher = {Nature Publishing Group UK London}
}	


@article{Callies_submesoscale_2013,
  author    = {J\:orn Callies and Raffaele Ferrari},
  title     = {Interpreting Energy and Tracer Spectra of Upper-Ocean Turbulence in the Submesoscale Range (1--200 km)},
  journal   = {Journal of Physical Oceanography},
  year      = {2013},
  publisher = {American Meteorological Society},
  address   = {Boston MA, USA},
  volume    = {43},
  number    = {11},
  doi       = {10.1175/JPO-D-13-063.1},
  pages     = {2456 - 2474}
}	

@article{Capet_Mesoscale_2008,
  title     = {{Mesoscale to submesoscale transition in the California Current System. Part III: energy balance and flux}},
  author    = {Capet, Xavier and McWilliams, JAMES C and Molemaker, M Jeroen and Shchepetkin, Alexander F},
  journal   = {Journal of Physical Oceanography},
  volume    = {38},
  number    = {10},
  pages     = {2256--2269},
  year      = {2008},
  doi       = {10.1175/2008JPO3810.1},
  publisher = {American Meteorological Society}
}


@article{Cassianides_eddies_2023,
  year    = {2023},
  title   = {{Observed spatio‐temporal variability of the eddy‐sea ice interactions in the Arctic Basin}},
  author  = {Cassianides, Angélina and Lique, Camille and Tréguier, Anne‐Marie and Meneghello, Gianluca and Marez, Charly},
  journal = {Journal of Geophysical Research: Oceans},
  issn    = {2169-9275},
  doi     = {10.1029/2022jc019469},
  number  = {6},
  volume  = {128}
}


@article{Charney_turbulence_1971,
  author    = {Jule G.  Charney},
  title     = {Geostrophic turbulence},
  journal   = {Journal of Atmospheric Sciences},
  year      = {1971},
  publisher = {American Meteorological Society},
  volume    = {28},
  number    = {6},
  doi       = {10.1175/1520-0469(1971)028<1087:GT>2.0.CO;2},
  pages     = {1087 - 1095}
}

@article{Chelton_geographical_1998,
  author    = {Dudley B. Chelton and Roland A. deSzoeke and Michael G. Schlax and Karim El Naggar and Nicolas Siwertz},
  title     = {Geographical Variability of the First Baroclinic Rossby Radius of Deformation},
  journal   = {Journal of Physical Oceanography},
  year      = {1998},
  publisher = {American Meteorological Society},
  address   = {Boston MA, USA},
  volume    = {28},
  number    = {3},
  doi       = {10.1175/1520-0485(1998)028<0433:GVOTFB>2.0.CO;2},
  pages     = {433 - 460}
}

@article{Cole_drag_2017,
  author  = {Cole, Sylvia T. and Toole, John M. and Lele, Ratnaksha and Timmermans, Mary-Louise and Gallaher, Shawn G. and Stanton, Timothy P. and Shaw, William J. and Hwang, Byongjun and Maksym, Ted and Wilkinson, Jeremy P. and Ortiz, Macarena and Graber, Hans and Rainville, Luc and Petty, Alek A. and Farrell, Sinéad L. and Richter-Menge, Jackie A. and Haas, Christian},
  title   = {Ice and ocean velocity in the Arctic marginal ice zone: Ice roughness and momentum transfer},
  journal = {Elementa: Science of the Anthropocene},
  volume  = {5},
  pages   = {55},
  year    = {2017},
  issn    = {2325-1026},
  doi     = {10.1525/elementa.241}
}


@article{Cole_Remnant_2010,
  title     = {Seasonal evolution of upper-ocean horizontal structure and the remnant mixed layer},
  author    = {Cole, Sylvia T and Rudnick, Daniel L and Colosi, John A},
  journal   = {Journal of Geophysical Research: Oceans},
  volume    = {115},
  number    = {C4},
  year      = {2010},
  doi       = {10.1029/2009JC005654},
  publisher = {Wiley Online Library}
}

@article{Cole_stratification_2024,
  author  = {Cole, Sylvia T. and Roemer, Peter A.},
  title   = {{The transition layer and remnant transition layer of the Western Arctic Ocean: stratification, vertical diffusivity, and Pacific summer water heat fluxes}},
  journal = {Journal of Geophysical Research: Oceans},
  volume  = {129},
  number  = {2},
  pages   = {e2023JC020059},
  doi     = {10.1029/2023JC020059},
  note    = {e2023JC020059 2023JC020059},
  year    = {2024}
}

@article{Dupont_creg_2015,
  author  = {Dupont, F. and Higginson, S. and Bourdall\'e-Badie, R. and Lu, Y. and Roy, F. and Smith, G. C. and Lemieux, J.-F. and Garric, G. and Davidson, F.},
  title   = {A high-resolution ocean and sea-ice modelling system for the Arctic and North Atlantic oceans},
  journal = {Geoscientific Model Development},
  volume  = {8},
  year    = {2015},
  number  = {5},
  pages   = {1577--1594},
  doi     = {10.5194/gmd-8-1577-2015}
}

@article{Eady_eady_1949,
  title     = {Long waves and cyclone waves},
  author    = {Eady, Eric T},
  journal   = {Tellus},
  volume    = {1},
  number    = {3},
  pages     = {33--52},
  year      = {1949},
  publisher = {Taylor \& Francis},
  doi       = {10.1111/j.2153-3490.1949.tb01265.x},
}

@book{EOS_80,
  title     = {Algorithms for the computation of fundamental properties of seawater.},
  author    = {Fofonoff, Nicholas Paul and Millard Jr, RC},
  year      = {1983},
  publisher = {UNESCO},
  doi       = {10.25607/OBP-1450},
}

@article{Ferrari_KE_2009,
  author    = {Ferrari, Raffaele and Wunsch, Carl},
  title     = {Ocean circulation kinetic energy: reservoirs, sources, and sinks},
  journal   = {Annual Review of Fluid Mechanics},
  year      = {2009},
  volume    = {41},
  number    = {Volume 41, 2009},
  pages     = {253-282},
  doi       = {10.1146/annurev.fluid.40.111406.102139},
  publisher = {Annual Reviews},
  issn      = {1545-4479}
}


@article{Fine_Microstructure_2018,
  year    = {2018},
  title   = {{Microstructure observations of turbulent heat fluxes in a warm-core Canada Basin eddy microstructure observations of turbulent heat fluxes in a warm-core Canada Basin eddy}},
  author  = {Fine, Elizabeth C. and MacKinnon, Jennifer A. and Alford, Matthew H. and Mickett, John B.},
  journal = {Journal of Physical Oceanography},
  issn    = {0022-3670},
  doi     = {10.1175/jpo-d-18-0028.1},
  pages   = {2397--2418},
  number  = {10},
  volume  = {48}
}

@article{FoxKemper_eddies_2008,
  author    = {Baylor Fox-Kemper and Raffaele Ferrari and Robert Hallberg},
  title     = {{Parameterization of mixed layer eddies. Part I: theory and diagnosis}},
  journal   = {Journal of Physical Oceanography},
  year      = {2008},
  publisher = {American Meteorological Society},
  address   = {Boston MA, USA},
  volume    = {38},
  number    = {6},
  doi       = {10.1175/2007JPO3792.1},
  pages     = {1145 - 1165}
}

@article{Haine_instability_1998,
  author    = {Thomas W. N. Haine and John Marshall},
  title     = {Gravitational, Symmetric, and Baroclinic Instability of the Ocean Mixed Layer},
  journal   = {Journal of Physical Oceanography},
  year      = {1998},
  publisher = {American Meteorological Society},
  address   = {Boston MA, USA},
  volume    = {28},
  number    = {4},
  doi       = {10.1175/1520-0485(1998)028<0634:GSABIO>2.0.CO;2},
  pages     = {634 - 658}
}

@article{Hughes_winds_2015,
  author   = {Hughes, Mimi and Cassano, John J.},
  title    = {The climatological distribution of extreme Arctic winds and implications for ocean and sea ice processes},
  journal  = {Journal of Geophysical Research: Atmospheres},
  volume   = {120},
  number   = {15},
  pages    = {7358-7377},
  keywords = {Arctic climate, climate extremes, extreme winds},
  doi      = {10.1002/2015JD023189},
  year     = {2015}
}

@article{Johnson_MIMOC_2012,
  author   = {Johnson, Gregory C. and Schmidtko, Sunke and Lyman, John M.},
  title    = {Relative contributions of temperature and salinity to seasonal mixed layer density changes and horizontal density gradients},
  journal  = {Journal of Geophysical Research: Oceans},
  volume   = {117},
  number   = {C4},
  pages    = {},
  keywords = {Argo floats, Turner angle, global ocean, mixed layer, seasonal cycle, temperature and salinity},
  doi      = {10.1029/2011JC007651},
  year     = {2012}
}

@article{Kim_ice_free_2023,
  title     = {{Observationally-constrained projections of an ice-free Arctic even under a low emission scenario}},
  author    = {Kim, Yeon-Hee and Min, Seung-Ki and Gillett, Nathan P and Notz, Dirk and Malinina, Elizaveta},
  journal   = {Nature Communications},
  volume    = {14},
  number    = {1},
  pages     = {3139},
  year      = {2023},
  doi       = {10.1038/s41467-023-38511-8},
  publisher = {Nature Publishing Group UK London}
}


@article{Large_NCAR_2009,
  title     = {The global climatology of an interannually varying air--sea flux data set},
  author    = {Large, WoG and Yeager, SG},
  journal   = {Climate dynamics},
  volume    = {33},
  pages     = {341--364},
  year      = {2009},
  doi       = {10.1007/s00382-008-0441-3},
  publisher = {Springer}
}

@article{Li_eddy_2024,
  title     = {{Eddy activity in the Arctic Ocean projected to surge in a warming world}},
  author    = {Li, Xinyue and Wang, Qiang and Danilov, Sergey and Koldunov, Nikolay and Liu, Caili and M{\"u}ller, Vasco and Sidorenko, Dmitry and Jung, Thomas},
  journal   = {Nature Climate Change},
  volume    = {14},
  number    = {2},
  pages     = {156--162},
  year      = {2024},
  doi       = {10.1038/s41558-023-01908-w},
  publisher = {Nature Publishing Group UK London}
}

@article{Lique_eddy_2015,
  author   = {Lique, Camille and Johnson, Helen L.},
  title    = {{Is there any imprint of the wind variability on the Atlantic Water circulation within the Arctic Basin?}},
  journal  = {Geophysical Research Letters},
  volume   = {42},
  number   = {22},
  pages    = {9880-9888},
  keywords = {Arctic Ocean, Atlantic Water, dynamics},
  doi      = {10.1002/2015GL066141},
  year     = {2015}
}

@article{Liu_seasonal_2024,
  author  = {Liu, Caili and Wang, Qiang and Danilov, Sergey and Koldunov, Nikolay and Müller, Vasco and Li, Xinyue and Sidorenko, Dmitry and Zhang, Shaoqing},
  title   = {{Spatial scales of kinetic energy in the Arctic Ocean}},
  journal = {Journal of Geophysical Research: Oceans},
  volume  = {129},
  number  = {3},
  pages   = {e2023JC020013},
  doi     = {10.1029/2023JC020013},
  note    = {e2023JC020013 2023JC020013},
  year    = {2024}
}


@article{Manucharyan_eddies_2022,
  title     = {{Heavy footprints of upper-ocean eddies on weakened Arctic sea ice in marginal ice zones}},
  author    = {Manucharyan, Georgy E and Thompson, Andrew F},
  journal   = {Nature communications},
  volume    = {13},
  number    = {1},
  pages     = {2147},
  year      = {2022},
  doi       = {10.1038/s41467-022-29663-0},
  publisher = {Nature Publishing Group UK London}
}

@article{Martin_stress_2014,
  author   = {Martin, Torge and Steele, Michael and Zhang, Jinlun},
  title    = {Seasonality and long-term trend of Arctic Ocean surface stress in a model},
  journal  = {Journal of Geophysical Research: Oceans},
  volume   = {119},
  number   = {3},
  pages    = {1723-1738},
  keywords = {Arctic Ocean, ocean surface stress, sea ice retreat, sea ice internal stress},
  doi      = {10.1002/2013JC009425},
  year     = {2014}
}

@article{Martinez_eddies_ice_2025,
  author   = {Martínez-Moreno, Josué and Lique, Camille and Talandier, Claude},
  title    = {Sea Ice Heterogeneity as a Result of Ocean Eddy Activity During the Ice Growth Season},
  journal  = {Geophysical Research Letters},
  volume   = {52},
  number   = {3},
  pages    = {e2024GL113645},
  keywords = {mesoscale eddies, arctic ocean, eddy-sea ice interactions},
  doi      = {10.1029/2024GL113645},
  note     = {e2024GL113645 2024GL113645},
  year     = {2025}
}

@software{martinez_moreno_2024_config,
  author    = {Josué Martínez-Moreno},
  title     = {{josuemtzmo/Ocean\_Ice\_canal\_HR\_config: HR channel configuration of NEMO and SI3 [Software]}},
  year      = 2024,
  publisher = {Zenodo},
  version   = {V1},
  doi       = {10.5281/zenodo.14204425},
}

@software{martinez_moreno_2024_repository,
  author    = {Josué Martínez-Moreno},
  title     = {{josuemtzmo/Seasonality\_KE\_under\_ice: scripts, notebooks, and manuscript [Software]}},
  year      = 2024,
  publisher = {Zenodo},
  version   = {V0},
  doi       = {10.5281/zenodo.14204489},
}

@article{martinez_moreno_sea_ice_2025,
  author   = {Mart\'inez-Moreno, Josu\'e and Lique, Camille and Talandier, Claude},
  title    = {Sea Ice Heterogeneity as a Result of Ocean Eddy Activity During the Ice Growth Season},
  journal  = {Geophysical Research Letters},
  volume   = {52},
  number   = {3},
  pages    = {e2024GL113645},
  keywords = {mesoscale eddies, arctic ocean, eddy-sea ice interactions},
  doi      = {10.1029/2024GL113645},
  year     = {2025}
}

@article{Meneghello_seasonal_2021,
  author    = {Gianluca Meneghello and John Marshall and Camille Lique and Pål Erik Isachsen and Edward Doddridge and Jean-Michel Campin and Heather Regan and Claude Talandier},
  title     = {Genesis and decay of mesoscale baroclinic eddies in the seasonally ice-covered interior Arctic Ocean},
  journal   = {Journal of Physical Oceanography},
  year      = {2021},
  publisher = {American Meteorological Society},
  address   = {Boston MA, USA},
  volume    = {51},
  number    = {1},
  doi       = {10.1175/JPO-D-20-0054.1},
  pages     = {115 - 129}
}

@article{Mensa_seasonal_2017,
  year     = {2017},
  rating   = {5},
  keywords = {ice_dynamics},
  title    = {{Characterizing the seasonal cycle of upper-ocean flows under multi-year sea ice}},
  author   = {Mensa, Jean A. and Timmermans, M.-L.},
  journal  = {Ocean Modelling},
  issn     = {1463-5003},
  doi      = {10.1016/j.ocemod.2017.03.009},
  pages    = {115--130},
  volume   = {113}
}


@article{Metzner_halocline_2023,
  author  = {Metzner, E. P. and Salzmann, M.},
  title   = {Technical note: Determining Arctic Ocean halocline and cold halostad depths based on vertical stability},
  journal = {Ocean Science},
  volume  = {19},
  year    = {2023},
  number  = {5},
  pages   = {1453--1464},
  doi     = {10.5194/os-19-1453-2023}
}

@article{Naveira_KE_2022,
  author    = {Alberto C. {Naveira Garabato} and Xiaolong Yu and J\:arn Callies and Roy Barkan and Kurt L. Polzin and Eleanor E. Frajka-Williams and Christian E. Buckingham and Stephen M. Griffies},
  title     = {Kinetic Energy Transfers between Mesoscale and Submesoscale Motions in the Open Ocean\'s Upper Layers},
  journal   = {Journal of Physical Oceanography},
  year      = {2022},
  publisher = {American Meteorological Society},
  address   = {Boston MA, USA},
  volume    = {52},
  number    = {1},
  doi       = {10.1175/JPO-D-21-0099.1},
  pages     = {75 - 97}
}

@misc{NEMO_man,
  author    = {Gurvan Madec and Romain Bourdallé-Badie and Jérôme Chanut and Emanuela Clementi and Andrew Coward and Christian Ethé and Doroteaciro Iovino and Dan Lea and Claire Lévy and Tomas Lovato and Nicolas Martin and Sébastien Masson and Silvia Mocavero and Clément Rousset and Dave Storkey and Simon Müeller and George Nurser and Mike Bell and Guillaume Samson and Pierre Mathiot and Francesca Mele and Aimie Moulin},
  title     = {NEMO ocean engine},
  month     = mar,
  year      = 2022,
  publisher = {Zenodo},
  version   = {v4.2.0},
  doi       = {10.5281/zenodo.6334656}
}

@article{Nurser_rossby_2014,
  author  = {Nurser, A. J. G. and Bacon, S.},
  title   = {{The Rossby radius in the Arctic Ocean}},
  journal = {Ocean Science},
  volume  = {10},
  year    = {2014},
  number  = {6},
  pages   = {967--975},
  doi     = {10.5194/os-10-967-2014}
}

@article{Ou_dissipation_1986,
  author  = {Ou, Hsien Wang and Gordon, Arnold L.},
  title   = {Spin-down of baroclinic eddies under sea ice},
  journal = {Journal of Geophysical Research: Oceans},
  volume  = {91},
  number  = {C6},
  pages   = {7623-7630},
  doi     = {10.1029/JC091iC06p07623},
  eprint  = {https://agupubs.onlinelibrary.wiley.com/doi/pdf/10.1029/JC091iC06p07623},
  year    = {1986}
}

@article{Pnyushkov_stratification_2018,
  title     = {{Structure and dynamics of mesoscale eddies over the Laptev Sea continental slope in the Arctic Ocean}},
  author    = {Pnyushkov, Andrey and Polyakov, Igor V and Padman, Laurie and Nguyen, An T},
  journal   = {Ocean science},
  volume    = {14},
  number    = {5},
  pages     = {1329--1347},
  year      = {2018},
  doi       = {10.5194/os-14-1329-2018},
  publisher = {Copernicus Publications G{\"o}ttingen, Germany}
}

@article{Qiu_seasonal_2014,
  title     = {{Seasonal mesoscale and submesoscale eddy variability along the North Pacific Subtropical Countercurrent}},
  author    = {Qiu, Bo and Chen, Shuiming and Klein, Patrice and Sasaki, Hideharu and Sasai, Yoshikazu},
  journal   = {Journal of Physical Oceanography},
  volume    = {44},
  number    = {12},
  pages     = {3079--3098},
  year      = {2014},
  doi       = {10.1175/JPO-D-14-0071.1},
  publisher = {American Meteorological Society}
}

@article{Rai_eddy_killing_2021,
  author  = {Shikhar Rai  and Matthew Hecht  and Matthew Maltrud  and Hussein Aluie },
  title   = {Scale of oceanic eddy killing by wind from global satellite observations},
  journal = {Science Advances},
  volume  = {7},
  number  = {28},
  pages   = {eabf4920},
  year    = {2021},
  doi     = {10.1126/sciadv.abf4920}
}

@article{Renault_coupling_2016,
  title     = {Modulation of wind work by oceanic current interaction with the atmosphere},
  author    = {{Renault}, Lionel and {Molemaker}, M Jeroen and {McWilliams}, James C and {Shchepetkin}, Alexander F and {Lemari{\'e}}, Florian and {Chelton}, Dudley and {Illig}, Serena and {Hall}, Alex},
  journal   = {Journal of Physical Oceanography},
  volume    = {46},
  number    = {6},
  pages     = {1685--1704},
  year      = {2016},
  doi       = {10.1175/JPO-D-15-0232.1},
  publisher = {American Meteorological Society}
}

@article{Renault_eddy_killing_2016,
  author    = {Lionel Renault and M. Jeroen Molemaker and Jonathan Gula and Sebastien Masson and James C. McWilliams},
  title     = {Control and stabilization of the Gulf Stream by oceanic current interaction with the atmosphere},
  journal   = {Journal of Physical Oceanography},
  year      = {2016},
  publisher = {American Meteorological Society},
  address   = {Boston MA, USA},
  volume    = {46},
  number    = {11},
  doi       = {10.1175/JPO-D-16-0115.1},
  pages     = {3439 - 3453}
}

@article{Renault_stress_2020,
  title     = {Recipes for how to force oceanic model dynamics},
  author    = {Renault, Lionel and Masson, S{\'e}bastien and Arsouze, Thomas and Madec, Gurvan and McWilliams, James C},
  journal   = {Journal of Advances in Modeling Earth Systems},
  volume    = {12},
  number    = {2},
  pages     = {e2019MS001715},
  year      = {2020},
  doi       = {10.1029/2019MS001715},
  publisher = {Wiley Online Library}
}

@article{Rocha_Seasonality_2016,
  title     = {{Seasonality of submesoscale dynamics in the Kuroshio Extension}},
  author    = {Rocha, Cesar B and Gille, Sarah T and Chereskin, Teresa K and Menemenlis, Dimitris},
  journal   = {Geophysical Research Letters},
  volume    = {43},
  number    = {21},
  pages     = {11--304},
  year      = {2016},
  doi       = {10.1002/2016GL071349},
  publisher = {Wiley Online Library}
}

@article{Sasaki_seasonal_2014,
  title     = {Impact of oceanic-scale interactions on the seasonal modulation of ocean dynamics by the atmosphere},
  author    = {Sasaki, Hideharu and Klein, Patrice and Qiu, Bo and Sasai, Yoshikazu},
  journal   = {Nature communications},
  volume    = {5},
  number    = {1},
  pages     = {5636},
  year      = {2014},
  doi       = {10.1038/ncomms6636},
  publisher = {Nature Publishing Group UK London}
}

@article{Schubert_cascade_2020,
  author    = {Ren\'e Schubert and Jonathan Gula and Richard J. Greatbatch and Burkard Baschek and Arne Biastoch},
  title     = {The Submesoscale Kinetic Energy Cascade: Mesoscale Absorption of Submesoscale Mixed Layer Eddies and Frontal Downscale Fluxes},
  journal   = {Journal of Physical Oceanography},
  year      = {2020},
  publisher = {American Meteorological Society},
  address   = {Boston MA, USA},
  volume    = {50},
  number    = {9},
  doi       = {10.1175/JPO-D-19-0311.1},
  pages     = {2573 - 2589}
}

@article{Scott_inverse_2005,
  author    = {Robert B. Scott and Faming Wang},
  title     = {{Direct evidence of an oceanic inverse kinetic energy cascade from satellite altimetry}},
  journal   = {Journal of Physical Oceanography},
  year      = {2005},
  publisher = {American Meteorological Society},
  volume    = {35},
  number    = {9},
  doi       = {10.1175/JPO2771.1},
  pages     = {1650 - 1666}
}

@misc{SI3_man,
  title       = {{Sea ice modelling integrated initiative ({SI}$^3$) -- The NEMO sea ice engine}},
  series      = {Scientific Notes of Climate Modelling Center},
  number      = {31},
  author      = {{NEMO Sea Ice Working Group}},
  institution = {Institut Pierre-Simon Laplace (IPSL)},
  publisher   = {Zenodo},
  issn        = {1288-1619},
  doi         = {10.5281/zenodo.1471689},
  month       = mar,
  year        = 2022
}

@article{Srinivasan_submesoscale_2023,
  author    = {Kaushik Srinivasan and Roy Barkan and James C. McWilliams},
  title     = {A Forward Energy Flux at Submesoscales Driven by Frontogenesis},
  journal   = {Journal of Physical Oceanography},
  year      = {2023},
  publisher = {American Meteorological Society},
  address   = {Boston MA, USA},
  volume    = {53},
  number    = {1},
  doi       = {10.1175/JPO-D-22-0001.1},
  pages     = {287 - 305}
}

@article{Steinberg_seasonality_2022,
  author    = {Jacob M. Steinberg and Sylvia T. Cole and Kyla Drushka and Ryan P. Abernathey},
  title     = {Seasonality of the Mesoscale Inverse Cascade as Inferred from Global Scale-Dependent Eddy Energy Observations},
  journal   = {Journal of Physical Oceanography},
  year      = {2022},
  publisher = {American Meteorological Society},
  address   = {Boston MA, USA},
  volume    = {52},
  number    = {8},
  doi       = {10.1175/JPO-D-21-0269.1},
  pages     = {1677 - 1691}
}

@article{Stone_baroclinic_1972,
  title     = {{On non-geostrophic baroclinic stability: part III. The momentum and heat transports}},
  author    = {Stone, Peter H},
  journal   = {Journal of the Atmospheric Sciences},
  volume    = {29},
  number    = {3},
  pages     = {419--426},
  year      = {1972},
  doi       = {10.1175/1520-0469(1972)029<0419:ONGBSP>2.0.CO;2},
  publisher = {American Meteorological Society}
}

@article{Thomas_symmetric_2013,
  title     = {{Symmetric instability in the Gulf Stream}},
  author    = {Thomas, Leif N and Taylor, John R and Ferrari, Raffaele and Joyce, Terrence M},
  journal   = {Deep Sea Research Part II: Topical Studies in Oceanography},
  volume    = {91},
  pages     = {96--110},
  year      = {2013},
  doi       = {10.1016/j.dsr2.2013.02.025},
  publisher = {Elsevier}
}


@article{Timmermans_horizontal_2012,
  author    = {Mary-Louise Timmermans and Sylvia Cole and John Toole},
  title     = {{Horizontal density structure and restratification of the Arctic Ocean surface layer}},
  journal   = {Journal of Physical Oceanography},
  year      = {2012},
  publisher = {American Meteorological Society},
  address   = {Boston MA, USA},
  volume    = {42},
  number    = {4},
  doi       = {10.1175/JPO-D-11-0125.1},
  pages     = {659 - 668}
}

@article{Uchida_seasonal_2017,
  title    = {Seasonality of eddy kinetic energy in an eddy permitting global climate model},
  journal  = {Ocean Modelling},
  volume   = {118},
  pages    = {41-58},
  year     = {2017},
  issn     = {1463-5003},
  doi      = {10.1016/j.ocemod.2017.08.006},
  author   = {Takaya Uchida and Ryan Abernathey and Shafer Smith},
  keywords = {Mesoscale turbulence, Seasonality, Wavenumber spectra, Baroclinic instability, Linear stability analysis}
}


@book{Vallis_atmospheric_2017,
  title     = {Atmospheric and oceanic fluid dynamics},
  author    = {Vallis, Geoffrey K},
  year      = {2017},
  doi       = {10.1017/9781107588417},
  publisher = {Cambridge University Press}
}


@article{Wang_ice_trends_2019,
  title     = {{Satellite-observed trends in the Arctic sea ice concentration for the period 1979--2016}},
  author    = {Wang, Yunhe and Bi, Haibo and Huang, Haijun and Liu, Yanxia and Liu, Yilin and Liang, Xi and Fu, Min and Zhang, Zehua},
  journal   = {Journal of Oceanology and Limnology},
  volume    = {37},
  number    = {1},
  pages     = {18--37},
  year      = {2019},
  doi       = {10.1007/s00343-019-7284-0},
  publisher = {Springer}
}

@article{Watanabe_nutrients_2014,
  title     = {{Enhanced role of eddies in the Arctic marine biological pump}},
  author    = {Watanabe, Eiji and Onodera, Jonaotaro and Harada, Naomi and Honda, Makio C and Kimoto, Katsunori and Kikuchi, Takashi and Nishino, Shigeto and Matsuno, Kohei and Yamaguchi, Atsushi and Ishida, Akio and others},
  journal   = {Nature Communications},
  volume    = {5},
  number    = {1},
  pages     = {3950},
  year      = {2014},
  doi       = {10.1038/ncomms4950},
  publisher = {Nature Publishing Group UK London}
}

@article{Wunsch_vertical_2004,
  title     = {Vertical mixing, energy, and the general circulation of the oceans},
  author    = {Wunsch, Carl and Ferrari, Raffaele},
  journal   = {Annu. Rev. Fluid Mech.},
  volume    = {36},
  number    = {1},
  pages     = {281--314},
  year      = {2004},
  doi       = {10.1146/annurev.fluid.36.050802.122121},
  publisher = {Annual Reviews}
}

@article{Yu_Seasonality_2023,
  title     = {{Seasonality of the sub-mesoscale to mesoscale sea surface variability from multi-year satellite altimetry}},
  author    = {Yu, Y and Sandwell, DT and Gille, ST},
  journal   = {Journal of Geophysical Research: Oceans},
  volume    = {128},
  number    = {2},
  pages     = {e2022JC019486},
  year      = {2023},
  doi       = {10.1029/2022JC019486},
  publisher = {Wiley Online Library}
}

@article{Zhai_seasonal_2023,
  title     = {{Seasonal variability of the mixed layer depth determined using an improved maximum angle method in the Arctic Basins}},
  author    = {Zhai, Linxu and Li, Tao},
  journal   = {Journal of Oceanology and Limnology},
  volume    = {41},
  number    = {3},
  pages     = {852--864},
  year      = {2023},
  doi       = {10.1007/s00343-022-2008-2},
  publisher = {Springer}
}

@article{Zhao_eddy_2014,
  title     = {{Characterizing the eddy field in the Arctic Ocean halocline}},
  author    = {Zhao, Mengnan and Timmermans, Mary-Louise and Cole, Sylvia and Krishfield, Richard and Proshutinsky, Andrey and Toole, John},
  journal   = {Journal of Geophysical Research: Oceans},
  volume    = {119},
  number    = {12},
  pages     = {8800--8817},
  year      = {2014},
  doi       = {10.1002/2014JC010488},
  publisher = {Wiley Online Library}
}

